@misc{basicsr,
  author =       {Xintao Wang and Liangbin Xie and Ke Yu and Kelvin C.K. Chan and Chen Change Loy and Chao Dong},
  title =        {{BasicSR}: Open Source Image and Video Restoration Toolbox},
  howpublished = {\url{https://github.com/XPixelGroup/BasicSR}},
  year =         {2022}
}