@inproceedings{yuan2018unsupervised,
  title={Unsupervised image super-resolution using cycle-in-cycle generative adversarial networks},
  author={Yuan, Yuan and Liu, Siyuan and Zhang, Jiawei and Zhang, Yongbing and Dong, Chao and Lin, Liang},
  booktitle={Proceedings of the IEEE Conference on Computer Vision and Pattern Recognition Workshops},
  pages={701--710},
  year={2018}
}