@inproceedings{chen2019camera,
  title={Camera lens super-resolution},
  author={Chen, Chang and Xiong, Zhiwei and Tian, Xinmei and Zha, Zheng-Jun and Wu, Feng},
  booktitle={Proceedings of the IEEE/CVF Conference on Computer Vision and Pattern Recognition},
  pages={1652--1660},
  year={2019}
}