@InProceedings{Wei_2021_CVPR,
    author    = {Wei, Yunxuan and Gu, Shuhang and Li, Yawei and Timofte, Radu and Jin, Longcun and Song, Hengjie},
    title     = {Unsupervised Real-World Image Super Resolution via Domain-Distance Aware Training},
    booktitle = {Proceedings of the IEEE/CVF Conference on Computer Vision and Pattern Recognition (CVPR)},
    month     = {June},
    year      = {2021},
    pages     = {13385-13394}
}