@inproceedings{ignatov2017dslr,
  title={Dslr-quality photos on mobile devices with deep convolutional networks},
  author={Ignatov, Andrey and Kobyshev, Nikolay and Timofte, Radu and Vanhoey, Kenneth and Van Gool, Luc},
  booktitle={Proceedings of the IEEE international conference on computer vision},
  pages={3277--3285},
  year={2017}
}