@inproceedings{fritsche2019frequency,
  title={Frequency separation for real-world super-resolution},
  author={Fritsche, Manuel and Gu, Shuhang and Timofte, Radu},
  booktitle={2019 IEEE/CVF International Conference on Computer Vision Workshop (ICCVW)},
  pages={3599--3608},
  year={2019},
  organization={IEEE}
}