@inproceedings{timofte2017ntire,
  title={Ntire 2017 challenge on single image super-resolution: Methods and results},
  author={Timofte, Radu and Agustsson, Eirikur and Van Gool, Luc and Yang, Ming-Hsuan and Zhang, Lei},
  booktitle={Proceedings of the IEEE conference on computer vision and pattern recognition workshops},
  pages={114--125},
  year={2017}
}