@INPROCEEDINGS{Gau_1,
  author={Efrat, Netalee and Glasner, Daniel and Apartsin, Alexander and Nadler, Boaz and Levin, Anat},
  booktitle={2013 IEEE International Conference on Computer Vision}, 
  title={Accurate Blur Models vs. Image Priors in Single Image Super-resolution}, 
  year={2013},
  volume={},
  number={},
  pages={2832-2839},
  doi={10.1109/ICCV.2013.352}}
