@unknown{Gau_4,
author = {Zhang, Kai and Liang, Jingyun and Gool, Luc and Timofte, Radu},
year = {2021},
month = {03},
pages = {},
title = {Designing a Practical Degradation Model for Deep Blind Image Super-Resolution}
}