@INPROCEEDINGS{Gau_2,
  author={Riegler, Gernot and Schulter, Samuel and RÃ¼ther, Matthias and Bischof, Horst},
  booktitle={2015 IEEE International Conference on Computer Vision (ICCV)}, 
  title={Conditioned Regression Models for Non-blind Single Image Super-Resolution}, 
  year={2015},
  volume={},
  number={},
  pages={522-530},
  doi={10.1109/ICCV.2015.67}}
