@ARTICLE{6392274,
  author={Dong, Weisheng and Zhang, Lei and Shi, Guangming and Li, Xin},
  journal={IEEE Transactions on Image Processing}, 
  title={Nonlocally Centralized Sparse Representation for Image Restoration}, 
  year={2013},
  volume={22},
  number={4},
  pages={1620-1630},
  doi={10.1109/TIP.2012.2235847}}
