@INPROCEEDINGS{4587647,
  author={Jianchao Yang and Wright, John and Huang, Thomas and Yi Ma},
  booktitle={2008 IEEE Conference on Computer Vision and Pattern Recognition}, 
  title={Image super-resolution as sparse representation of raw image patches}, 
  year={2008},
  volume={},
  number={},
  pages={1-8},
  doi={10.1109/CVPR.2008.4587647}}
