@inproceedings{fang2022uncertainty,
  title={Uncertainty Learning in Kernel Estimation for Multi-stage Blind Image Super-Resolution},
  author={Fang, Zhenxuan and Dong, Weisheng and Li, Xin and Wu, Jinjian and Li, Leida and Shi, Guangming},
  booktitle={Computer Vision--ECCV 2022: 17th European Conference, Tel Aviv, Israel, October 23--27, 2022, Proceedings, Part XVIII},
  pages={144--161},
  year={2022},
  organization={Springer}
}