@inproceedings{liang2021mutual,
  title={Mutual affine network for spatially variant kernel estimation in blind image super-resolution},
  author={Liang, Jingyun and Sun, Guolei and Zhang, Kai and Van Gool, Luc and Timofte, Radu},
  booktitle={Proceedings of the IEEE/CVF International Conference on Computer Vision},
  pages={4096--4105},
  year={2021}
}