@inproceedings{cai2019toward,
  title={Toward real-world single image super-resolution: A new benchmark and a new model},
  author={Cai, Jianrui and Zeng, Hui and Yong, Hongwei and Cao, Zisheng and Zhang, Lei},
  booktitle={Proceedings of the IEEE International Conference on Computer Vision},
  year={2019}
}