@inproceedings{Set5,
	title={Low-Complexity Single-Image Super-Resolution based on Nonnegative Neighbor Embedding},
	author={Marco Bevilacqua and Aline Roumy and Christine Guillemot and Marie-line Alberi Morel},
	year={2012},
	pages={135.1--135.10},
	booktitle={Proceedings of the British Machine Vision Conference},
	publisher={BMVA Press},
	editors={Bowden, Richard and Collomosse, John and Mikolajczyk, Krystian},
	publisher={BMVA Press},
	isbn={1-901725-46-4},
	doi={http://dx.doi.org/10.5244/C.26.135}
}