@InProceedings{SRCNN,
author="Dong, Chao
and Loy, Chen Change
and He, Kaiming
and Tang, Xiaoou",
editor="Fleet, David
and Pajdla, Tomas
and Schiele, Bernt
and Tuytelaars, Tinne",
title="Learning a Deep Convolutional Network for Image Super-Resolution",
booktitle="Computer Vision -- ECCV 2014",
year="2014",
publisher="Springer International Publishing",
address="Cham",
pages="184--199",
isbn="978-3-319-10593-2"
}