@article{wang2002universal,
  title={A universal image quality index},
  author={Wang, Zhou and Bovik, Alan C},
  journal={IEEE signal processing letters},
  volume={9},
  number={3},
  pages={81--84},
  year={2002},
  publisher={IEEE}
}