@article{fangself,
  title={Self-supervised Non-uniform Kernel Estimation with Flow-based Motion Prior for Blind Image Deblurring},
  author={Fang, Zhenxuan and Wu, Fangfang and Dong, Weisheng and Li, Xin and Wu, Jinjian and Shi, Guangming}
}