@inproceedings{ijcai2022p176,
  title     = {Learning Degradation Uncertainty for Unsupervised Real-world Image Super-resolution},
  author    = {Ning, Qian and Tang, Jingzhu and Wu, Fangfang and Dong, Weisheng and Li, Xin and Shi, Guangming},
  booktitle = {Proceedings of the Thirty-First International Joint Conference on
               Artificial Intelligence, {IJCAI-22}},
  publisher = {International Joint Conferences on Artificial Intelligence Organization},
  editor    = {Lud De Raedt},
  pages     = {1261--1267},
  year      = {2022},
  month     = {7},
  note      = {Main Track},
  doi       = {10.24963/ijcai.2022/176},
  url       = {https://doi.org/10.24963/ijcai.2022/176},
}