@inproceedings{vedaldi15matconvnet,
  author    = {A. Vedaldi and K. Lenc},
  title     = {MatConvNet -- Convolutional Neural Networks for MATLAB},
  booktitle = {Proceeding of the {ACM} Int. Conf. on Multimedia},
  year      = {2015},
}